<?xml version="1.0" encoding="UTF-8"?><record xmlns="http://www.loc.gov/MARC21/slim" xmlns:cinclude="http://apache.org/cocoon/include/1.0" xmlns:zs="http://www.loc.gov/zing/srw/">
  <leader>00949nz  a2200145n  4500</leader>
  <controlfield tag="001">n  92016956 </controlfield>
  <controlfield tag="003">DLC</controlfield>
  <controlfield tag="005">19920215141243.9</controlfield>
  <controlfield tag="008">920215n| acannaab|          |a ana |||  </controlfield>
  <datafield tag="010" ind1=" " ind2=" ">
    <subfield code="a">n  92016956 </subfield>
  </datafield>
  <datafield tag="040" ind1=" " ind2=" ">
    <subfield code="a">DLC</subfield>
    <subfield code="c">DLC</subfield>
  </datafield>
  <datafield tag="110" ind1="2" ind2="0">
    <subfield code="a">Argonne National Laboratory.</subfield>
    <subfield code="b">Council of Participating Institutions</subfield>
  </datafield>
  <datafield tag="510" ind1="2" ind2="0">
    <subfield code="a">Associated Midwest Universities</subfield>
  </datafield>
  <datafield tag="670" ind1=" " ind2=" ">
    <subfield code="a">NUCMC data from Univ. of Ill. at Urbana-Champaign Archives for Argonne Universities Association. Records, 1945-1982</subfield>
    <subfield code="b">(Council of Participating Institutions and Associated Midwest Universities were predecessors of Argonne Universities Association; records include material from the council dated 1946-1958, from AMU dated 1958-1968, and from the association dated 1965-1982)</subfield>
  </datafield>
  <datafield tag="670" ind1=" " ind2=" ">
    <subfield code="a">LC manual cat.</subfield>
    <subfield code="b">(on authority card for Associated Midwest Universities: the AMU, formed in May, 1958, grew from the Council of Participating Universities that was associated with Argonne National Laboratory)</subfield>
  </datafield>
</record>